<?xml version="1.0" encoding="UTF-8"?><collection xmlns="http://www.loc.gov/MARC21/slim"><record><leader>00323nam--2200121-i-4500</leader><controlfield tag="001">000048237</controlfield><controlfield tag="002">20161230</controlfield><controlfield tag="005">20161230201046</controlfield><controlfield tag="008">060222s1000------------r-----000-0-eng-d</controlfield><datafield ind1=" " ind2=" " tag="100"><subfield code="a">Zarew,B.M</subfield></datafield><datafield ind1=" " ind2=" " tag="245"><subfield code="a">Berechung und konstruktion von elektronenrohren</subfield></datafield><datafield ind1=" " ind2=" " tag="260"><subfield code="a">Berlin, Veb Verlag Technik, 1955. 334 P.+ Fig</subfield></datafield><datafield ind1=" " ind2=" " tag="852"><subfield code="a">11668</subfield></datafield></record></collection>